<record xmlns="http://www.loc.gov/MARC21/slim">
  <leader>01856nam a2200385 a 4500</leader>
  <controlfield tag="001">3242974</controlfield>
  <controlfield tag="007">he amb017bbcp</controlfield>
  <controlfield tag="007">he bmb017baap</controlfield>
  <controlfield tag="007">he amb017babp</controlfield>
  <controlfield tag="008">980904s1911    enk    |b|||| 001 0deng d</controlfield>
  <datafield tag="020" ind1=" " ind2=" ">
    <subfield code="a">0665847475</subfield>
  </datafield>
  <datafield tag="035" ind1=" " ind2=" ">
    <subfield code="a">ocm53631292</subfield>
  </datafield>
  <datafield tag="040" ind1=" " ind2=" ">
    <subfield code="a">CaOOCIHM</subfield>
    <subfield code="b">eng</subfield>
    <subfield code="c">CaOOCIHM</subfield>
    <subfield code="d">AEU</subfield>
  </datafield>
  <datafield tag="082" ind1="0" ind2=" ">
    <subfield code="a">270.2/092</subfield>
    <subfield code="2">20</subfield>
  </datafield>
  <datafield tag="090" ind1=" " ind2=" ">
    <subfield code="a">FC 02 0203 no. 84747</subfield>
    <subfield code="b">AEU</subfield>
  </datafield>
  <datafield tag="100" ind1="0" ind2=" ">
    <subfield code="a">Boniface,</subfield>
    <subfield code="c">Saint, Archbishop of Mainz,</subfield>
    <subfield code="d">ca. 675-754.</subfield>
  </datafield>
  <datafield tag="245" ind1="1" ind2="4">
    <subfield code="a">The English correspondence of Saint Boniface</subfield>
    <subfield code="h">[microform] :</subfield>
    <subfield code="b">being for the most part letters exchanged between the apostle of the Germans and his English friends /</subfield>
    <subfield code="c">translated and edited with an introductory sketch of the saint&apos;s life by Edward Kylie.</subfield>
  </datafield>
  <datafield tag="260" ind1=" " ind2=" ">
    <subfield code="a">London :</subfield>
    <subfield code="b">Chatto &amp; Windus,</subfield>
    <subfield code="c">1911.</subfield>
  </datafield>
  <datafield tag="300" ind1=" " ind2=" ">
    <subfield code="a">3 microfiches (124 fr.)</subfield>
  </datafield>
  <datafield tag="490" ind1="1" ind2=" ">
    <subfield code="a">CIHM/ICMH Microfiche series = CIHM/ICMH collection de microfiches ;</subfield>
    <subfield code="v">no. 84747</subfield>
  </datafield>
  <datafield tag="500" ind1=" " ind2=" ">
    <subfield code="a">Original issued in series: The King&apos;s classics.</subfield>
  </datafield>
  <datafield tag="504" ind1=" " ind2=" ">
    <subfield code="a">Includes bibliographical references and an index.</subfield>
  </datafield>
  <datafield tag="533" ind1=" " ind2=" ">
    <subfield code="a">Filmed from a copy of the original publication held by McMaster University, Mills Memorial Library, Hamilton.</subfield>
    <subfield code="b">Ottawa :</subfield>
    <subfield code="c">Canadian Institute for Historical Microreproductions,</subfield>
    <subfield code="d">1997.</subfield>
  </datafield>
  <datafield tag="534" ind1=" " ind2=" ">
    <subfield code="e">xiv, 212 p., [1] leaf of plates ; 16 cm.</subfield>
  </datafield>
  <datafield tag="596" ind1=" " ind2=" ">
    <subfield code="a">43</subfield>
  </datafield>
  <datafield tag="600" ind1="0" ind2="0">
    <subfield code="a">Boniface,</subfield>
    <subfield code="c">Saint, Archbishop of Mainz,</subfield>
    <subfield code="d">ca. 675-754.</subfield>
  </datafield>
  <datafield tag="600" ind1="0" ind2="6">
    <subfield code="a">Boniface,</subfield>
    <subfield code="c">saint, archevêque de Mayence,</subfield>
    <subfield code="d">ca 675-754</subfield>
    <subfield code="v">Correspondance.</subfield>
  </datafield>
  <datafield tag="600" ind1="0" ind2="6">
    <subfield code="a">Boniface,</subfield>
    <subfield code="c">saint, archevêque de Mayence,</subfield>
    <subfield code="d">ca 657-754.</subfield>
  </datafield>
  <datafield tag="600" ind1="0" ind2="0">
    <subfield code="a">Boniface,</subfield>
    <subfield code="c">Saint, Archbishop of Mainz,</subfield>
    <subfield code="d">ca. 675-754</subfield>
    <subfield code="v">Correspondence.</subfield>
  </datafield>
  <datafield tag="700" ind1="1" ind2=" ">
    <subfield code="a">Kylie, Edward,</subfield>
    <subfield code="d">1880-1916.</subfield>
  </datafield>
  <datafield tag="830" ind1=" " ind2="0">
    <subfield code="a">CIHM/ICMH microfiche series ;</subfield>
    <subfield code="v">no. 84747</subfield>
  </datafield>
  <datafield tag="830" ind1=" " ind2="4">
    <subfield code="a">The King&apos;s Classics.</subfield>
  </datafield>
  <datafield tag="949" ind1=" " ind2=" ">
    <subfield code="h">UAHS-MF</subfield>
    <subfield code="z">CIHMMPOST</subfield>
  </datafield>
  <datafield tag="016" ind1=" " ind2=" ">
    <subfield code="a"> 986031135</subfield>
  </datafield>
  <datafield tag="926" ind1=" " ind2=" ">
    <subfield code="a">UAHSS</subfield>
    <subfield code="b">MICROFICHE</subfield>
    <subfield code="c">FC 02 0203 no. 84747</subfield>
    <subfield code="d">MICROFORM</subfield>
    <subfield code="f">1</subfield>
  </datafield>
</record>
